<?xml version="1.0" encoding="UTF-8"?><collection xmlns="http://www.loc.gov/MARC21/slim"><record><leader>00349nam--2200121-i-4500</leader><controlfield tag="001">000018306</controlfield><controlfield tag="002">20161230</controlfield><controlfield tag="005">20161230201032</controlfield><controlfield tag="008">060222s1000------------r-----000-0-eng-d</controlfield><datafield ind1=" " ind2=" " tag="245"><subfield code="a">Congresso scientifico, giugno 1959.sezione nucleare</subfield></datafield><datafield ind1=" " ind2=" " tag="260"><subfield code="a">Roma, C.N.R.N., 1959. 590 P</subfield></datafield><datafield ind1=" " ind2=" " tag="490"><subfield code="a">Vi Rassegna Internazionale Elettronica E Nucleare</subfield></datafield><datafield ind1=" " ind2=" " tag="852"><subfield code="a">13777</subfield></datafield></record></collection>